<?xml version="1.0" encoding="UTF-8"?><collection><record><leader>06473ntm a2200553 a 4500</leader><controlfield tag="001">006795189</controlfield><controlfield tag="003">MiAaHDL</controlfield><controlfield tag="005">20190719000000.0</controlfield><controlfield tag="006">m        d        </controlfield><controlfield tag="007">cr bn ---auaua</controlfield><controlfield tag="008">090520s15uu    xx            00| ||ara d</controlfield><datafield tag="035" ind1=" " ind2=" "><subfield code="a">(MiU)006795189</subfield></datafield><datafield tag="035" ind1=" " ind2=" "><subfield code="a">sdr-miu006795189</subfield></datafield><datafield tag="040" ind1=" " ind2=" "><subfield code="a">MiU</subfield><subfield code="c">MiU</subfield><subfield code="e">amremm</subfield></datafield><datafield tag="043" ind1=" " ind2=" "><subfield code="a">n-us-mi</subfield></datafield><datafield tag="100" ind1="1" ind2=" "><subfield code="6">880-01</subfield><subfield code="a">Tirmidhī, Muḥammad ibn ʻĪsá,</subfield><subfield code="d">-892.</subfield></datafield><datafield tag="240" ind1="1" ind2="0"><subfield code="6">880-02</subfield><subfield code="a">Shamāʼil</subfield></datafield><datafield tag="245" ind1="1" ind2="0"><subfield code="6">880-03</subfield><subfield code="a">[Kitāb al-Shamāʼil,</subfield><subfield code="f">16th century?].</subfield></datafield><datafield tag="260" ind1=" " ind2=" "><subfield code="c">[15--?].</subfield></datafield><datafield tag="300" ind1=" " ind2=" "><subfield code="a">79 leaves :</subfield><subfield code="b">paper ;</subfield><subfield code="c">193 x 122 (121 x 65) mm.</subfield></datafield><datafield tag="500" ind1=" " ind2=" "><subfield code="a">Shelfmark: Ann Arbor, University of Michigan, Special Collections Library, Isl. Ms. 211</subfield></datafield><datafield tag="500" ind1=" " ind2=" "><subfield code="a">Origin: Lacks dated colophon ; paper suggests 16th or early half of 17th century.</subfield></datafield><datafield tag="500" ind1=" " ind2=" "><subfield code="a">Former shelfmark: "٤" in black ink on recto of front flyleaf ; "513 T. De M. [i.e. Tammaro De Marinis]" inscribed in pencil on verso of front flyleaf ; "134" inscribed in pencil on 'title page' (p.3) ; "۹۲" on tailedge of text block.</subfield></datafield><datafield tag="500" ind1=" " ind2=" "><subfield code="a">Binding: Pasteboards covered in dark brown leather ; Type II binding (with flap) ; flyleaves and pastedowns in mauve surface-dyed wove paper ; upper and lower covers bear exquisite gold-tooled central scalloped lozenge (filled with vegetal composition reminiscent of Déroche class. OSd 9) with pendants, gold-painted accents, and guilloché roll border ; sewn in yellow thread, two stations ; worked chevron endbands in yellow and purple, excellent condition ; overall in fair condition with some abrasion, lifting and losses of leather, etc.</subfield></datafield><datafield tag="500" ind1=" " ind2=" "><subfield code="a">Support: non-European (Persian) laid paper with 9 laid lines per cm. (mainly horizontal, with some curving and sagging) and chain lines, possibly grouped ; well-burnished to glossy ; crisp though thick and sturdy ; some pest damage.</subfield></datafield><datafield tag="500" ind1=" " ind2=" "><subfield code="a">Decoration: Elegant illuminated headpiece at opening on p.4 consisting of two rectangular panels ; the lower with gold-filled cartouche carrying the basmalah in white set in a field of lapis lazuli with swirling floral vegetal pattern in black, gold, light blue, lavender, red, and green ; surrmounted by rectangular panel with floral pendant shapes in gold accented by similar swirling floral vegetal pattern on a field of lapis lazuli ; all surmounted by vertical stalks (tīgh) in lapis lazuli and set in a well of gold extending from the frame surrounding the written area below ; keywords and section headings rubricated ; written area surrounded by frame consisting of gold band outlined by black fillets.</subfield></datafield><datafield tag="500" ind1=" " ind2=" "><subfield code="a">Script: Naskh-nastaʻlīq ; elegant hand ; virtually serifless with gentle effect of words descending to baseline ; pointing in distinct dots, occasionally oriented vertically ; hāʼ looking like two inverted commas ; mainly closed counters.</subfield></datafield><datafield tag="500" ind1=" " ind2=" "><subfield code="a">Layout: Written in 13 lines per page ; frame-ruled.</subfield></datafield><datafield tag="500" ind1=" " ind2=" "><subfield code="a">Collation: ii, II+2 (6), 8 IV (70), IV+1 (79), ii ; chiefly quaternions ; catchwords present ; pagination in pencil, Western numerals, supplied during digitization (includes front flyleaf and skips two pages each between pp.5-6 and pp.21-22).</subfield></datafield><datafield tag="500" ind1=" " ind2=" "><subfield code="a">Explicit: "حدثنا محمد بن علي اخبرنا النضر اخبرني ابن عون عن ابن سيرين قال هذا الحديث دين فانظروا عمن تاخذوا دينكم تم"</subfield></datafield><datafield tag="500" ind1=" " ind2=" "><subfield code="a">Incipit: "الحمد لله رب العالمين والصلوة والسلام على سيدنا محمد واله وصحبه اجمعين اخبرنا الشيخ الفقيه الامام العالم رضي الدين ابو الثناء حماد بن هبة الله بن حماد بن فضيل بن الفضيلي الحراني قال اخبرنا الشيخان الامامان الثقتان ابو المحاسن مسعود بن محمد بن غانم الغافقي قرأة عليه بمنزله بهواه في اوائل سبع واربعين وخمسمائة وابو شجاع عمر بن ابي الحسن محمد بن ابي عبد الله بن محمد بن عبد الله بن نصر البسطامي اجازة قال ... اخبرنا ابو عيسى بن محمد بن عيسى بن سورة الترمذي الحافظ قال باب صفة رسول الله صلى الله عليه وسلم حدثنا ابو رجاء قتيبة ابن سعيد عن مالك بن انس عن ربيعة بن ابي عبد الرحمن عن انس بن مالك انه سمعه يقول كان رسول الله صلى الله عليه وسلم ليس بالطويل البائن ولا بالقصير وليس بالابيض الامهق ..."</subfield></datafield><datafield tag="500" ind1=" " ind2=" "><subfield code="a">Title supplied by cataloguer.</subfield></datafield><datafield tag="500" ind1=" " ind2=" "><subfield code="a">Ms. codex.</subfield></datafield><datafield tag="510" ind1="4" ind2=" "><subfield code="a">Brockelmann, C. GAL,</subfield><subfield code="c">I 162 (II) ; S I 268 (II)</subfield></datafield><datafield tag="520" ind1="8" ind2=" "><subfield code="a">Fine copy of al-Tirmidhī's collection of traditions comprising the Prophet's characteristics as transmitted eventually to Abū al-Thanāʼ Ḥammad ibn Hibat Allāh ibn Ḥammād ibn Fuḍayl al-Fayḍalī al-Ḥarrānī, whose name appears at the beginning of the opening ascription.</subfield></datafield><datafield tag="538" ind1=" " ind2=" "><subfield code="a">Mode of access: Internet.</subfield></datafield><datafield tag="541" ind1=" " ind2=" "><subfield code="c">Purchase ;</subfield><subfield code="a">Acquired by purchase (funds donated by Horace Rackham).</subfield><subfield code="d">1924.</subfield></datafield><datafield tag="546" ind1=" " ind2=" "><subfield code="a">Arabic.</subfield></datafield><datafield tag="561" ind1=" " ind2=" "><subfield code="a">Inscription on front flyleaf "٤" ; inscriptions in pencil on front flyleaf "513 T. De M. [i.e. Tammaro De Marinis]" and covered 'title page' (p.3) "134" ; traces of inscription and seal impression under leaf glued over recto of opening leaf ('title page' p.3) ; faint oval seal impressions appear occasionally through out (pp.15, 31, 75, 91, 97, 156, etc.) and sometimes accompany effaced waqf mark "وقف" (see pp.9, 130, 138, etc.) ; marginal corrections and glosses.</subfield></datafield><datafield tag="600" ind1="0" ind2="0"><subfield code="a">Muḥammad,</subfield><subfield code="c">Prophet,</subfield><subfield code="d">-632</subfield><subfield code="v">Biography</subfield><subfield code="v">Early works to 1800.</subfield></datafield><datafield tag="650" ind1=" " ind2="0"><subfield code="a">Manuscripts, Arabic</subfield><subfield code="z">Michigan</subfield><subfield code="z">Ann Arbor.</subfield></datafield><datafield tag="650" ind1=" " ind2="0"><subfield code="a">Hadith</subfield><subfield code="x">Criticism, interpretation, etc.</subfield><subfield code="v">Early works to 1800.</subfield></datafield><datafield tag="700" ind1="0" ind2=" "><subfield code="a">Abdülhamid</subfield><subfield code="b">II,</subfield><subfield code="c">Sultan of the Turks,</subfield><subfield code="d">1842-1918,</subfield><subfield code="e">former owner.</subfield></datafield><datafield tag="700" ind1="1" ind2=" "><subfield code="6">880-05</subfield><subfield code="a">Ḥarrānī, Abū al-Thanāʼ Ḥammād ibn Hibat Allāh,</subfield><subfield code="d">fl. 12th cent.</subfield></datafield><datafield tag="773" ind1="0" ind2=" "><subfield code="a">Abdul Hamid Collection.</subfield></datafield><datafield tag="880" ind1="1" ind2=" "><subfield code="6">700-05/</subfield><subfield code="a">حراني، ابو الثناء حماد بن هبة الله.</subfield></datafield><datafield tag="880" ind1="1" ind2="0"><subfield code="6">245-03/</subfield><subfield code="a">[كتاب الشمائل,</subfield><subfield code="f">القرن 16م؟].</subfield></datafield><datafield tag="880" ind1="1" ind2="0"><subfield code="6">240-02/</subfield><subfield code="a">شمائل</subfield></datafield><datafield tag="880" ind1="1" ind2=" "><subfield code="6">100-01/</subfield><subfield code="a">ترمذي، محمد بن عيسى.</subfield></datafield><datafield tag="CID" ind1=" " ind2=" "><subfield code="a">006795189</subfield></datafield><datafield tag="DAT" ind1="0" ind2=" "><subfield code="a">20190719102635.0</subfield><subfield code="b">20190719000000.0</subfield></datafield><datafield tag="DAT" ind1="1" ind2=" "><subfield code="a">20190719090653.0</subfield><subfield code="b">2019-07-19T16:10:58Z</subfield></datafield><datafield tag="DAT" ind1="2" ind2=" "><subfield code="a">2015-10-02T18:00:03Z</subfield></datafield><datafield tag="CAT" ind1=" " ind2=" "><subfield code="a">SDR-MIU</subfield><subfield code="d">EX LIBRIS - ALEPH</subfield><subfield code="l">prepare.pl-004-008</subfield></datafield><datafield tag="FMT" ind1=" " ind2=" "><subfield code="a">BK</subfield></datafield><datafield tag="HOL" ind1=" " ind2=" "><subfield code="0">sdr-miu006795189</subfield><subfield code="a">MiU</subfield><subfield code="b">SDR</subfield><subfield code="c">MIU</subfield><subfield code="p">mdp.39015079126291</subfield><subfield code="s">MIU</subfield><subfield code="1">006795189</subfield></datafield><datafield tag="974" ind1=" " ind2=" "><subfield code="b">MIU</subfield><subfield code="c">MIU</subfield><subfield code="d">20190719</subfield><subfield code="s">lit-dlps-dc</subfield><subfield code="u">mdp.39015079126291</subfield><subfield code="y">1599</subfield><subfield code="r">pd</subfield><subfield code="q">bib</subfield><subfield code="t">non-US bib date1 &lt; 1879</subfield></datafield></record></collection>